<?xml version="1.0" encoding="UTF-8"?><collection xmlns="http://www.loc.gov/MARC21/slim"><record><leader>00672nam--2200193-i-4500</leader><controlfield tag="001">000025845</controlfield><controlfield tag="002">20161230</controlfield><controlfield tag="005">20161230201036</controlfield><controlfield tag="008">060222s1000------------r-----000-0-eng-d</controlfield><datafield ind1=" " ind2=" " tag="020"><subfield code="a">0306381419</subfield></datafield><datafield ind1=" " ind2=" " tag="040"><subfield code="a">IFIN-HH</subfield></datafield><datafield ind1=" " ind2=" " tag="080"><subfield code="a">539.12.001.57:539.12.162.8</subfield></datafield><datafield ind1="1" ind2=" " tag="100"><subfield code="a">Morpurgo, G</subfield></datafield><datafield ind1="1" ind2="0" tag="245"><subfield code="a">Quarks and hadronic structure</subfield><subfield code="b">Proceedings of the international workshop of the ettore majorana center for scientific culture held in erice, italy, september, 1975</subfield><subfield code="c">G. morpurgo (ed.)</subfield></datafield><datafield ind1=" " ind2=" " tag="260"><subfield code="a">New York</subfield><subfield code="b">Plenum Press</subfield><subfield code="c">1977</subfield></datafield><datafield ind1=" " ind2=" " tag="300"><subfield code="a">X + 318P</subfield></datafield><datafield ind1=" " ind2=" " tag="490"><subfield code="a">International Physics Workshop Series</subfield><subfield code="v">Volume 1</subfield></datafield><datafield ind1=" " ind2=" " tag="852"><subfield code="a">45955</subfield><subfield code="c">539.12</subfield></datafield><datafield ind1=" " ind2=" " tag="CAT"><subfield code="a">Sys</subfield><subfield code="c">20111205</subfield><subfield code="h">134652</subfield></datafield></record></collection>